@inbook{__unused__brecht2019scms,
  title        = {{A Security Credential Management System for V2X Communications}},
  author       = {Brecht, Benedikt and Hehn, Thorsten},
  year         = 2019,
  booktitle    = {Connected Vehicles: Intelligent Transportation Systems},
  publisher    = {Springer International Publishing},
  address      = {Cham},
  pages        = {83--115},
  doi          = {10.1007/978-3-319-94785-3_4},
  editor       = {Miucic, Radovan}
}

@article{brecht2018scms,
  title        = {{A Security Credential Management System for V2X Communications}},
  author       = {Brecht, Benedikt and Therriault, Dean and Weimerskirch, André and Whyte, William and Kumar, Virendra and Hehn, Thorsten and Goudy, Roy},
  year         = 2018,
  journal      = {IEEE Transactions on Intelligent Transportation Systems},
  volume       = 19,
  number       = 12,
  pages        = {3850--3871},
  doi          = {10.1109/TITS.2018.2797529}
}

@inproceedings{gigazzi2017crl,
  title        = {{Optimized Certificate Revocation List Distribution for Secure V2X Communications}},
  author       = {Rigazzi, Giovanni and Tassi, Andrea and Piechocki, Robert J. and Tryfonas, Theo and Nix, Andrew},
  year         = 2017,
  booktitle    = {2017 IEEE 86th Vehicular Technology Conference (VTC-Fall)},
  volume       = {},
  number       = {},
  pages        = {1--7},
  doi          = {10.1109/VTCFall.2017.8288287}
}

@inproceedings{yue2021anonymous,
  title        = {{An Aggregate Anonymous Credential Scheme in C-ITS for Multi-Service with Revocation}},
  author       = {Yue, Xiaohan and Yang, Lixin and Wang, Xibo and Zeng, Shuaishuai and Xu, Jian and Bai, Shi and He, Yuan},
  year         = 2021,
  booktitle    = {2021 IEEE 20th International Conference on Trust, Security and Privacy in Computing and Communications (TrustCom)},
  volume       = {},
  number       = {},
  pages        = {452--459},
  doi          = {10.1109/TrustCom53373.2021.00074}
}

% Papers on DAA in general
@inproceedings{brickell2004direct,
  title        = {{Direct Anonymous Attestation}},
  author       = {Brickell, Ernie and Camenisch, Jan and Chen, Liqun},
  year         = 2004,
  booktitle    = {Proceedings of the 11th ACM Conference on Computer and Communications Security},
  publisher    = {Association for Computing Machinery},
  series       = {CCS '04},
  pages        = {132–145},
  doi          = {10.1145/1030083.1030103},
  isbn         = 1581139616,
  numpages     = 14
}

% Papers on V2X DAA & self revocation
@inproceedings{whitefield2017privacy,
  title        = {{Privacy-enhanced capabilities for VANETs using direct anonymous attestation}},
  author       = {Whitefield, Jorden and Chen, Liqun and Giannetsos, Thanassis and Schneider, Steve and Treharne, Helen},
  year         = 2017,
  booktitle    = {2017 IEEE Vehicular Networking Conference (VNC)},
  pages        = {123--130},
  organization = {IEEE}
}

@inproceedings{desmoulins2019practical,
  title        = {{Practical anonymous attestation-based pseudonym schemes for vehicular networks}},
  author       = {Desmoulins, Nicolas and Diop, A{\"\i}da and Raffl{\'e}, Yvan and Traor{\'e}, Jacques and Gratesac, Josselin},
  year         = 2019,
  booktitle    = {2019 IEEE Vehicular Networking Conference (VNC)},
  pages        = {1--8},
  organization = {IEEE}
}

@inproceedings{larsen2021daa,
  title        = {{Direct Anonymous Attestation on the Road: Efficient and Privacy-Preserving Revocation in C-ITS}},
  author       = {Larsen, Benjamin and Giannetsos, Thanassis and Krontiris, Ioannis and Goldman, Kenneth},
  year         = 2021,
  booktitle    = {Proceedings of the 14th ACM Conference on Security and Privacy in Wireless and Mobile Networks},
  publisher    = {Association for Computing Machinery},
  series       = {WiSec '21},
  pages        = {48–59},
  doi          = {10.1145/3448300.3467832},
  isbn         = 9781450383493,
  numpages     = 12
}

% Other papers on self-revocation
@inproceedings{forster2015rewire,
  title        = {{REWIRE -- Revocation Without Resolution: A Privacy-Friendly Revocation Mechanism for Vehicular Ad-Hoc Networks}},
  author       = {F{\"o}rster, David and L{\"o}hr, Hans and Zibuschka, Jan and Kargl, Frank},
  year         = 2015,
  booktitle    = {Trust and Trustworthy Computing},
  publisher    = {Springer International Publishing},
  address      = {Cham},
  pages        = {193--208},
  isbn         = {978-3-319-22846-4}
}

@inproceedings{whitefield2017formal,
  title        = {{Formal Analysis of V2X Revocation Protocols}},
  author       = {Whitefield, Jorden and Chen, Liqun and Kargl, Frank and Paverd, Andrew and Schneider, Steve and Treharne, Helen and Wesemeyer, Stephan},
  year         = 2017,
  booktitle    = {Security and Trust Management},
  publisher    = {Springer International Publishing},
  address      = {Cham},
  pages        = {147--163},
  isbn         = {978-3-319-68063-7},
  editor       = {Livraga, Giovanni and Mitchell, Chris}
}

% Papers on short-lived pseudonyms
@inproceedings{hicks2020vehicular,
  title        = {{A Vehicular DAA Scheme for Unlinkable ECDSA Pseudonyms in V2X}},
  author       = {Hicks, Christopher and Garcia, Flavio D.},
  year         = 2020,
  booktitle    = {2020 IEEE European Symposium on Security and Privacy (EuroS\&P)},
  volume       = {},
  number       = {},
  pages        = {460--473},
  doi          = {10.1109/EuroSP48549.2020.00036}
}

@article{ahmed2017secure,
  title        = {{Secure LTE-Based V2X Service}},
  author       = {Ahmed, Kazi J. and Lee, Myung J.},
  year         = 2018,
  journal      = {IEEE Internet of Things Journal},
  volume       = 5,
  number       = 5,
  pages        = {3724--3732},
  doi          = {10.1109/JIOT.2017.2697949}
}

% Activation codes for certificates
@inproceedings{verheul2019ifal,
  title        = {{IFAL: Issue First Activate Later Certificates for V2X}},
  author       = {Verheul, Eric and Hicks, Christopher and Garcia, Flavio D.},
  year         = 2019,
  booktitle    = {2019 IEEE European Symposium on Security and Privacy (EuroS\&P)},
  volume       = {},
  number       = {},
  pages        = {279--293},
  doi          = {10.1109/EuroSP.2019.00029}
}

@inproceedings{kumar2017binary,
  title        = {{Binary Hash Tree Based Certificate Access Management for Connected Vehicles}},
  author       = {Kumar, Virendra and Petit, Jonathan and Whyte, William},
  year         = 2017,
  booktitle    = {Proceedings of the 10th ACM Conference on Security and Privacy in Wireless and Mobile Networks},
  publisher    = {Association for Computing Machinery},
  series       = {WiSec '17},
  pages        = {145–155},
  doi          = {10.1145/3098243.3098257},
  isbn         = 9781450350846,
  numpages     = 11
}

@article{simplicio2019acpc,
  title        = {{ACPC: Efficient revocation of pseudonym certificates using activation codes}},
  author       = {Marcos A. Simplicio and Eduardo Lopes Cominetti and Harsh {Kupwade Patil} and Jefferson E. Ricardini and Marcos Vinicius M. Silva},
  year         = 2019,
  journal      = {Ad Hoc Networks},
  volume       = 90,
  pages        = 101708,
  doi          = {https://doi.org/10.1016/j.adhoc.2018.07.007},
  issn         = {1570-8705}
}

% Other V2X papers
@inproceedings{jangid2022towards,
  title        = {{Towards A TEE-based V2V Protocol For Connected And Autonomous Vehicles}},
  author       = {Jangid, Mohit Kumar and Lin, Zhiqiang},
  year         = 2022,
  booktitle    = {Workshop on Automotive and Autonomous Vehicle Security (AutoSec)},
  volume       = 2022,
  pages        = 27
}

@inproceedings{wagan2010vanet,
  title        = {{VANET Security Framework for Trusted Grouping Using TPM Hardware}},
  author       = {Wagan, Asif Ali and Mughal, Bilal Munir and Hasbullah, Halabi},
  year         = 2010,
  booktitle    = {2010 Second International Conference on Communication Software and Networks},
  volume       = {},
  number       = {},
  pages        = {309--312},
  doi          = {10.1109/ICCSN.2010.115}
}

@inproceedings{guette2009vanet,
  title        = {{A TPM-based architecture for improved security and anonymity in vehicular ad hoc networks}},
  author       = {Guette, Gilles and Heen, Olivier},
  year         = 2009,
  booktitle    = {2009 IEEE Vehicular Networking Conference (VNC)},
  volume       = {},
  number       = {},
  pages        = {1--7},
  doi          = {10.1109/VNC.2009.5416377}
}

@article{wang2020certificate,
  title        = {{Certificate Revocation Schemes in Vehicular Networks: A Survey}},
  author       = {Wang, Qianpeng and Gao, Deyun and Chen, Du},
  year         = 2020,
  journal      = {IEEE Access},
  volume       = 8,
  publisher    = {IEEE},
  pages        = {26223--26234}
}

@article{yoshizawa2022v2x_survey,
  title        = {{A Survey of Security and Privacy Issues in V2X Communication Systems}},
  author       = {Yoshizawa, Takahito and Singel{\'e}e, Dave and M{\"u}hlberg, Jan Tobias and Delbruel, St{\'e}phane and Taherkordi, Amir and Hughes, Danny and Preneel, Bart},
  year         = 2022,
  month        = aug,
  journal      = {ACM Comp. Surv.},
  doi          = {10.1145/3558052},
  urldate      = {2022-08-20},
  language     = {en}
}
  pages        = 3558052,

% Misc
@misc{kubernetes,
  title        = {{Kubernetes}},
  author       = {{Cloud Native Computing Foundation}},
  year         = 2023,
  note         = {accessed 2023-11-16},
  howpublished = {\url{https://kubernetes.io}}
}

@article{maene:hardware,
  title        = {{Hardware-Based Trusted Computing Architectures for Isolation and Attestation}},
  author       = {P. Maene and J. G\"otzfried and R. de Clercq and T. M\"uller and F. Freiling and I. Verbauwhede},
  year         = 2017,
  journal      = {IEEE Transactions on Computers},
  publisher    = {IEEE},
  number       = 99
}

% Attacker model papers
@inproceedings{murdock2020plundervolt,
  title        = {{Plundervolt: Software-based fault injection attacks against Intel SGX}},
  author       = {Murdock, Kit and Oswald, David and Garcia, Flavio D and Van Bulck, Jo and Gruss, Daniel and Piessens, Frank},
  year         = 2020,
  booktitle    = {2020 IEEE Symposium on Security and Privacy (SP)},
  pages        = {1466--1482},
  organization = {IEEE}
}

@article{dolev1983security,
  title        = {{On the security of public key protocols}},
  author       = {Dolev, Danny and Yao, Andrew},
  year         = 1983,
  journal      = {IEEE Transactions on information theory},
  publisher    = {IEEE},
  volume       = 29,
  number       = 2,
  pages        = {198--208}
}

@article{lou2021survey,
  title        = {{A survey of microarchitectural side-channel vulnerabilities, attacks, and defenses in cryptography}},
  author       = {Lou, Xiaoxuan and Zhang, Tianwei and Jiang, Jun and Zhang, Yinqian},
  year         = 2021,
  journal      = {ACM Computing Surveys (CSUR)},
  publisher    = {ACM New York, NY, USA},
  volume       = 54,
  number       = 6,
  pages        = {1--37}
}

@inproceedings{chen2021voltpillager,
  title        = {{VoltPillager: Hardware-based fault injection attacks against Intel SGX Enclaves using the SVID voltage scaling interface}},
  author       = {Chen, Zitai and Vasilakis, Georgios and Murdock, Kit and Dean, Edward and Oswald, David and Garcia, Flavio D},
  year         = 2021,
  booktitle    = {30th USENIX Security Symposium (USENIX Security 21)},
  pages        = {699--716}
}

@inproceedings{canella2019systematic,
  title        = {{A systematic evaluation of transient execution attacks and defenses}},
  author       = {Canella, Claudio and Van Bulck, Jo and Schwarz, Michael and Lipp, Moritz and Von Berg, Benjamin and Ortner, Philipp and Piessens, Frank and Evtyushkin, Dmitry and Gruss, Daniel},
  year         = 2019,
  booktitle    = {28th USENIX Security Symposium (USENIX Security 19)},
  pages        = {249--266}
}

% Markov chains
@incollection{hermanns2002markov,
  title        = {{Markov Chains}},
  author       = {Hermanns, Holger},
  year         = 2002,
  booktitle    = {Interactive Markov Chains},
  publisher    = {Springer},
  pages        = {35--55}
}

% ETSI
@techreport{etsi2021102940,
  title        = {{Intelligent Transport Systems (ITS); Security, ITS communications security architecture and security management}},
  author       = {ETSI},
  year         = 2021,
  month        = {07},
  number       = {TS 102 940},
  note         = {Version 2.1.1},
  institution  = {{European Telecommunications Standard Institute (ETSI)}},
  type         = {Technical Specification (TS)}
}

@techreport{etsi2022102941,
  title        = {{Intelligent Transport Systems (ITS); Security; Trust and Privacy Management}},
  author       = {ETSI},
  year         = 2022,
  month        = 11,
  number       = {TS 102 941},
  note         = {Version 2.2.1},
  institution  = {{European Telecommunications Standard Institute (ETSI)}},
  type         = {Technical Specification (TS)}
}

@techreport{etsi2012ts102943,
  title        = {{Intelligent Transport Systems (ITS); Security; Confidentiality services}},
  author       = {ETSI},
  year         = 2012,
  month        = {06},
  number       = {TS 102 943},
  note         = {Version 1.1.1},
  institution  = {{European Telecommunications Standard Institute (ETSI)}},
  type         = {Technical Specification (TS)}
}

@techreport{etsi2021103097,
  title        = {{Intelligent Transport Systems (ITS); Security; Security header and certificate formats}},
  author       = {ETSI},
  year         = 2021,
  month        = 10,
  number       = {TS 103 097},
  note         = {Version 2.1.1},
  institution  = {{European Telecommunications Standard Institute (ETSI)}},
  type         = {Technical Specification (TS)}
}

@techreport{etsi2018tr04103415,
  title        = {{Intelligent Transport Systems (ITS); Security; Pre-standardization study on pseudonym change management}},
  author       = {ETSI},
  year         = 2018,
  month        = {04},
  number       = {TR 103 415},
  note         = {Version 1.1.1},
  institution  = {{European Telecommunications Standard Institute (ETSI)}},
  type         = {Technical Report (TR)}
}

@techreport{etsi2020tr103460,
  title        = {{Intelligent Transport Systems (ITS); Security; Pre-standardization study on Misbehaviour Detection}},
  author       = {ETSI},
  year         = 2020,
  month        = 10,
  number       = {TR 103 460},
  note         = {Version 2.1.1},
  institution  = {{European Telecommunications Standard Institute (ETSI)}},
  type         = {Technical Report (TR)}
}

@techreport{etsi20171331851400,
  title        = {{LTE; 5G; Security aspect for LTE support of Vehicle-to-Everything (V2X) services}},
  author       = {ETSI},
  year         = 2017,
  month        = {07},
  number       = {TS 133 185},
  note         = {Version 14.0.0},
  institution  = {{European Telecommunications Standard Institute (ETSI)}},
  type         = {Technical Specification (TS)}
}

@techreport{etsi2020ts1221861620,
  title        = {{5G; Service requirements for enhanced V2X scenarios}},
  author       = {ETSI},
  year         = 2020,
  month        = 11,
  number       = {TS 122 186},
  note         = {Version 16.2.0},
  institution  = {{European Telecommunications Standard Institute (ETSI)}},
  type         = {Technical Specification (TS)}
}

@techreport{intelligent2016ieee16092,
  title        = {{IEEE Standard for Wireless Access in Vehicular Environments--Security Services for Applications and Management Messages}},
  author       = {IEEE},
  year         = 2016,
  month        = {01},
  number       = {Std 1609--2},
  institution  = {{Institute of Electrical and Electronics Engineers (IEEE)}},
  type         = {Standard}
}

@techreport{tpm2015ieee11889,
  title        = {{Information technology -- Trusted platform module library -- Part 1: Architecture}},
  author       = {IEEE},
  year         = 2015,
  month        = {01},
  number       = {Std 11889--1:2015},
  institution  = {{Institute of Electrical and Electronics Engineers (IEEE)}},
  type         = {Standard}
}

% Sybil attacks
@inproceedings{douceur2002sybil,
  title        = {{The sybil attack}},
  author       = {Douceur, John R},
  year         = 2002,
  booktitle    = {International workshop on peer-to-peer systems},
  pages        = {251--260},
  organization = {Springer}
}

% Tamarin
@inproceedings{meier2013tamarin,
  title        = {{The TAMARIN Prover for the Symbolic Analysis of Security Protocols}},
  author       = {Meier, Simon and Schmidt, Benedikt and Cremers, Cas and Basin, David},
  year         = 2013,
  booktitle    = {Computer Aided Verification},
  publisher    = {Springer Berlin Heidelberg},
  pages        = {696--701},
  isbn         = {978-3-642-39799-8}
}

% Trusted time
@inproceedings{anwar2019applications,
  title        = {{Applications and Challenges in Securing Time}},
  author       = {Fatima M. Anwar and Mani Srivastava},
  year         = 2019,
  month        = aug,
  booktitle    = {12th USENIX Workshop on Cyber Security Experimentation and Test (CSET 19)},
  publisher    = {USENIX Association},
  address      = {Santa Clara, CA}
}

@techreport{tpmdoc,
  title        = {{Trusted Platform Module Library Part 1: Architecture}},
  author       = {{TCG}},
  year         = 2019,
  month        = 11,
  number       = {Level 00 Revision 01.59},
  pages        = {239--245},
  note         = {},
  institution  = {{Trusted Computing Group (TCG)}},
  type         = {Technical Documentation}
}

@techreport{ietfepochs,
  title        = {{Epoch Markers}},
  author       = {Birkholz, Henk and Fossati, Thomas and Pan, Wei and Bormann, Carsten},
  year         = 2023,
  month        = {03},
  note         = {},
  institution  = {{Internet Engineering Task Force (IETF)}},
  type         = {Active Internet-Draft}
}

@techreport{ietfocsp,
  title        = {{X.509 internet public key infrastructure online certificate status protocol-OCSP}},
  author       = {Santesson, Stefan and Myers, Michael and Ankney, Rich and Malpani, Ambarish and Galperin, Slava and Adams, Carlisle},
  year         = 2013,
  number       = 6960,
  institution  = {{Internet Engineering Task Force (IETF)}},
  type         = {{RFC}}
}

@techreport{ietfcrl,
  title        = {{Internet X.509 public key infrastructure certificate and certificate revocation list (CRL) profile}},
  author       = {Cooper, David and Santesson, Stefan and Farrell, Stephen and Boeyen, Sharon and Housley, Russell and Polk, William},
  year         = 2008,
  number       = 5280,
  institution  = {{Internet Engineering Task Force (IETF)}},
  type         = {{RFC}}
}

@software{supplMaterial,
  author       = {Scopelliti, Gianluca and
                  Baumann, Christoph and
                  Alder, Fritz and
                  Truyen, Eddy and
                  Muehlberg, Jan Tobias},
  title        = {{Artifacts for Efficient and Timely Revocation of 
                   V2X Credentials}},
  month        = nov,
  year         = 2023,
  publisher    = {Zenodo},
  doi          = {10.5281/zenodo.10210425},
  url          = {https://doi.org/10.5281/zenodo.10210425}
}

@article{liu2017invehicle,
  title        = {{In-Vehicle Network Attacks and Countermeasures: Challenges and Future Directions}},
  author       = {Liu, Jiajia and Zhang, Shubin and Sun, Wen and Shi, Yongpeng},
  year         = 2017,
  journal      = {IEEE Network},
  volume       = 31,
  number       = 5,
  pages        = {50--58},
  doi          = {10.1109/MNET.2017.1600257}
}

@techreport{nistDSS,
  title        = {{Digital Signature Standard (DSS)}},
  author       = {{NIST}},
  year         = 2023,
  number       = {FIPS 186-5},
  institution  = {{National Institute of Standards and Technology (NIST)}},
  type         = {{Technical Standard}}
}

@inproceedings{alder2023about,
  title        = {{About Time: On the Challenges of Temporal Guarantees in Untrusted Environments}},
  author       = {Alder, Fritz and Scopelliti, Gianluca and Van Bulck, Jo and M\"{u}hlberg, Jan Tobias},
  year         = 2023,
  booktitle    = {Proceedings of the 6th Workshop on System Software for Trusted Execution},
  publisher    = {Association for Computing Machinery},
  series       = {SysTEX '23},
  pages        = {27–33},
  doi          = {10.1145/3578359.3593038},
  isbn         = 9798400700873,
  numpages     = 7
}

@inproceedings{angelogianni2023comparative,
  title        = {{Comparative Evaluation of PKI and DAA-based Architectures for V2X Communication Security}},
  author       = {Angelogianni, Anna and Krontiris, Ioannis and Giannetsos, Thanassis},
  year         = 2023,
  booktitle    = {2023 IEEE Vehicular Networking Conference (VNC)},
  volume       = {},
  number       = {},
  pages        = {199--206},
  doi          = {10.1109/VNC57357.2023.10136316}
}
@article{schneider2022sok,
  title={Sok: Hardware-supported trusted execution environments},
  author={Schneider, Moritz and Masti, Ramya Jayaram and Shinde, Shweta and Capkun, Srdjan and Perez, Ronald},
  journal={arXiv preprint arXiv:2205.12742},
  year={2022}
}

@ARTICLE{sedar2023v2x_survey,
  author={Sedar, Roshan and Kalalas, Charalampos and Vázquez-Gallego, Francisco and Alonso, Luis and Alonso-Zarate, Jesus},
  journal={IEEE Open Journal of the Communications Society}, 
  title={A Comprehensive Survey of V2X Cybersecurity Mechanisms and Future Research Paths}, 
  year={2023},
  volume={4},
  number={},
  pages={325-391},
  doi={10.1109/OJCOMS.2023.3239115}}

@misc{optigaTPM,
  title        = {{OPTIGA TPM - Trusted Platform Module}},
  author       = {{Infineon}},
  year         = 2023,
  note         = {accessed 2023-11-16},
  howpublished = {\url{https://www.infineon.com/cms/en/product/security-smart-card-solutions/optiga-embedded-security-solutions/optiga-tpm/}}
}

@misc{NXPsecureElement,
  title        = {{Automotive-Qualified Embedded Secure Element (SE)}},
  author       = {{NXP Semiconductors}},
  year         = 2023,
  note         = {accessed 2023-11-16},
  howpublished = {\url{https://www.nxp.com/products/security-and-authentication/secure-car-access/automotive-qualified-embedded-secure-element-se:NCJ38A}}
}

@misc{TCG,
  title        = {{TCG Vehicle Services Working Group}},
  author       = {{Trusted Computing Group}},
  year         = 2023,
  note         = {accessed 2023-11-16},
  howpublished = {\url{https://trustedcomputinggroup.org/work-groups/vehicle-services/}}
}

@misc{GlobalPlatform,
  title        = {{GlobalPlatform Automotive Initiative}},
  author       = {{GlobalPlatform}},
  year         = 2023,
  note         = {accessed 2023-11-16},
  howpublished = {\url{https://globalplatform.org/task-forces/automotive-task-force/}}
}

@ARTICLE{GlobalPlatformAutomotive,
  author={GlobalPlatform},
  journal={White Paper}, 
  title={Trust \& Security in Automotive Systems}, 
  year={2023},
  month=oct,
  url = {https://globalplatform.org/resource-publication/trust-security-in-automotive-systems/}
}

@inproceedings{scopelliti2024efficient,
  author = {Scopelliti, Gianluca and Baumann, Christoph and Alder, Fritz and Truyen, Eddy and M\"{u}hlberg, Jan Tobias},
  title = {Efficient and Timely Revocation of V2X Credentials},
  year = {2024},
  isbn = {1-891562-93-2},
  publisher = {Internet Society},
  doi = {10.14722/ndss.2024.24017},
  booktitle = {Proceedings of the 2024 Network and Distributed System Security (NDSS) Symposium},
  numpages = {20},
  series = {NDSS'24}}
